<record><leader>00000cas a2200000 a 4500</leader><controlfield tag="001">10466521</controlfield><controlfield tag="008">840228d184518uuctuwr ne      0    0eng d</controlfield><datafield ind1=" " ind2=" " tag="010"><subfield code="a">sn 84022542 </subfield></datafield><datafield ind1=" " ind2=" " tag="040"><subfield code="a">NPX</subfield><subfield code="b">eng</subfield><subfield code="c">NPX</subfield><subfield code="d">NPU</subfield><subfield code="d">YOX</subfield><subfield code="d">KNP</subfield><subfield code="d">CNW</subfield><subfield code="d">NVK</subfield><subfield code="d">OCL</subfield><subfield code="d">OCLCG</subfield><subfield code="d">KRTAS</subfield><subfield code="d">OCLCQ</subfield><subfield code="d">OCLCF</subfield><subfield code="d">OCLCO</subfield></datafield><datafield ind1=" " ind2=" " tag="042"><subfield code="a">msc</subfield></datafield><datafield ind1=" " ind2=" " tag="043"><subfield code="a">n-us-ct</subfield></datafield><datafield ind1="0" ind2=" " tag="130"><subfield code="a">Waterbury American (Waterbury, Conn. : 1845)</subfield></datafield><datafield ind1="1" ind2="0" tag="245"><subfield code="a">Waterbury American.</subfield></datafield><datafield ind1="1" ind2="7" tag="246"><subfield code="a">Weekly American</subfield><subfield code="f">&lt;Nov. 1881-Dec. 1887&gt;</subfield></datafield><datafield ind1=" " ind2=" " tag="260"><subfield code="a">Waterbury, Conn. :</subfield><subfield code="b">Cooke &amp; Giles</subfield></datafield><datafield ind1=" " ind2=" " tag="300"><subfield code="a">v. ;</subfield><subfield code="c">69-72 cm.</subfield></datafield><datafield ind1=" " ind2=" " tag="310"><subfield code="a">Weekly</subfield></datafield><datafield ind1="0" ind2=" " tag="362"><subfield code="a">Vol. 1, no. 27 (June 14, 1845)-</subfield></datafield><datafield ind1=" " ind2=" " tag="500"><subfield code="a">Editors: E.B. Cooke, 1845-&lt;1868&gt;; G.L. Townsend, &lt;1856-1868&gt;; J.M. Woodward, &lt;1868&gt;; M.L. Scudder, 1868-1870; J.C. Kinney, 1870-1871; F.B. Dakin, J. Anderson, 1872-1873; R.H. Smith, 1873-1878.</subfield></datafield><datafield ind1=" " ind2=" " tag="500"><subfield code="a">Publishers: Joseph Giles, 1844-1845; Cook &amp; Giles, 1845; E.B. Cooke &amp; Co., 1846-1868; American Printing Co., 1868-&lt;1876&gt;.</subfield></datafield><datafield ind1=" " ind2=" " tag="515"><subfield code="a">Issues for Dec. 13, 1845-&lt;Nov. 4, 1881&gt; also called: Whole no. 53-&lt;1926&gt;.</subfield></datafield><datafield ind1=" " ind2=" " tag="515"><subfield code="a">Issues for &lt;1887&gt; lack numbering.</subfield></datafield><datafield ind1=" " ind2=" " tag="530"><subfield code="a">Available on microfilm from UMI and New England Micrographics, Marlboro, Mass.</subfield></datafield><datafield ind1=" " ind2=" " tag="580"><subfield code="a">Daily ed.: Waterbury daily American, May 22, 1866-18.</subfield></datafield><datafield ind1=" " ind2="0" tag="651"><subfield code="a">Waterbury (Conn.)</subfield><subfield code="v">Newspapers.</subfield></datafield><datafield ind1=" " ind2="7" tag="655"><subfield code="a">Newspapers.</subfield><subfield code="2">fast</subfield><subfield code="0">(OCoLC)fst01423814</subfield></datafield><datafield ind1=" " ind2="7" tag="651"><subfield code="a">Connecticut</subfield><subfield code="z">Waterbury.</subfield><subfield code="2">fast</subfield><subfield code="0">(OCoLC)fst01206504</subfield></datafield><datafield ind1="1" ind2=" " tag="700"><subfield code="a">Kinney, John Coddington,</subfield><subfield code="d">1839-1891.</subfield></datafield><datafield ind1="1" ind2=" " tag="700"><subfield code="a">Anderson, Joseph,</subfield><subfield code="d">1836-1916.</subfield></datafield><datafield ind1="1" ind2=" " tag="700"><subfield code="a">Townsend, George Larmon,</subfield><subfield code="d">1827-1868.</subfield></datafield><datafield ind1="1" ind2=" " tag="700"><subfield code="a">Cooke, Edward Bronson,</subfield><subfield code="d">1793-1875.</subfield></datafield><datafield ind1="1" ind2=" " tag="700"><subfield code="a">Scudder, M. L.</subfield><subfield code="q">(Moses Lewis),</subfield><subfield code="d">1843-1917.</subfield></datafield><datafield ind1="1" ind2=" " tag="700"><subfield code="a">Smith, Reuben H.</subfield></datafield><datafield ind1="1" ind2=" " tag="700"><subfield code="a">Dakin, Frederick B.</subfield></datafield><datafield ind1="1" ind2=" " tag="700"><subfield code="a">Woodward, James M.</subfield></datafield><datafield ind1=" " ind2=" " tag="752"><subfield code="a">United States</subfield><subfield code="b">Connecticut</subfield><subfield code="c">New Haven</subfield><subfield code="d">Waterbury.</subfield></datafield><datafield ind1="1" ind2=" " tag="775"><subfield code="t">Waterbury daily American</subfield><subfield code="w">(DLC)sn 84022535</subfield><subfield code="w">(OCoLC)10466313</subfield></datafield><datafield ind1="0" ind2="0" tag="780"><subfield code="t">American (Waterbury, Conn. : 1844)</subfield><subfield code="w">(DLC)sn 93053699</subfield></datafield><datafield ind1="0" ind2="0" tag="785"><subfield code="t">Waterbury weekly American</subfield><subfield code="w">(DLC)sn 93053700</subfield></datafield><datafield ind1=" " ind2=" " tag="938"><subfield code="a">Kirtas Technologies, Inc.</subfield><subfield code="b">KRTS</subfield><subfield code="n">738221</subfield></datafield></record>